<record><leader>00000cas a2200000 a 4500</leader><controlfield tag="001">11181926</controlfield><controlfield tag="008">840921d18791879ksudr ne      0   a0eng d</controlfield><datafield ind1=" " ind2=" " tag="010"><subfield code="a">sn 84029597 </subfield></datafield><datafield ind1=" " ind2=" " tag="040"><subfield code="a">KSH</subfield><subfield code="b">eng</subfield><subfield code="c">KSH</subfield><subfield code="d">NPT</subfield><subfield code="d">OCL</subfield><subfield code="d">OCLCQ</subfield></datafield><datafield ind1=" " ind2=" " tag="042"><subfield code="a">msc</subfield></datafield><datafield ind1="0" ind2="0" tag="245"><subfield code="a">Lawrence daily reporter.</subfield></datafield><datafield ind1="3" ind2="0" tag="246"><subfield code="a">Daily reporter</subfield></datafield><datafield ind1=" " ind2=" " tag="260"><subfield code="a">Lawrence, Kan. :</subfield><subfield code="b">Isaac L. Sherman &amp; Gid R. Propper</subfield></datafield><datafield ind1=" " ind2=" " tag="300"><subfield code="a">v. ;</subfield><subfield code="c">37-46 cm.</subfield></datafield><datafield ind1=" " ind2=" " tag="310"><subfield code="a">Daily</subfield></datafield><datafield ind1="1" ind2=" " tag="362"><subfield code="a">Began in Feb. 1879; ceased in Oct. 1879?</subfield></datafield><datafield ind1=" " ind2=" " tag="500"><subfield code="a">Published as: Daily reporter, Mar.-Oct., 1879.</subfield></datafield><datafield ind1=" " ind2=" " tag="500"><subfield code="a">Publisher varies.</subfield></datafield><datafield ind1=" " ind2=" " tag="515"><subfield code="a">Suspended with Apr. 9, 1879 issue? Resumed with May 3, 1879 issue.</subfield></datafield><datafield ind1=" " ind2=" " tag="588"><subfield code="a">Description based on: Vol. 1, no. 11 (Feb. 22, 1879).</subfield></datafield><datafield ind1=" " ind2=" " tag="752"><subfield code="a">United States</subfield><subfield code="b">Kansas</subfield><subfield code="c">Douglas</subfield><subfield code="d">Lawrence.</subfield></datafield></record>